@book{latex,
  title = {LaTeX : A Documentation Preparation System User's Guide and Reference Manual},
  publisher = {Addison-Wesley Professional},
  year = {1994},
  author = {Leslie Lamport}
}

@phdthesis{bruch2012ide,
  title={IDE 2.0: Leveraging the wisdom of the software engineering crowds},
  author={Bruch, Marcel},
  year={2012},
  school={Technische Universit{\"a}t}
}

@inproceedings{engler2001bugs,
  title={Bugs as deviant behavior: A general approach to inferring errors in systems code},
  author={Engler, Dawson and Chen, David Yu and Hallem, Seth and Chou, Andy and Chelf, Benjamin},
  booktitle={ACM SIGOPS Operating Systems Review},
  volume={35},
  number={5},
  pages={57--72},
  year={2001},
  organization={ACM}
}

@inproceedings{monperrus2010detecting,
  title={Detecting missing method calls in object-oriented software},
  author={Monperrus, Martin and Bruch, Marcel and Mezini, Mira},
  booktitle={European Conference on Object-Oriented Programming},
  pages={2--25},
  year={2010},
  organization={Springer}
}

@article{monperrus2013detecting,
  title={Detecting missing method calls as violations of the majority rule},
  author={Monperrus, Martin and Mezini, Mira},
  journal={ACM Transactions on Software Engineering and Methodology (TOSEM)},
  volume={22},
  number={1},
  pages={7},
  year={2013},
  publisher={ACM}
}

@inproceedings{nguyen2009graph,
  title={Graph-based mining of multiple object usage patterns},
  author={Nguyen, Tung Thanh and Nguyen, Hoan Anh and Pham, Nam H and Al-Kofahi, Jafar M and Nguyen, Tien N},
  booktitle={Proceedings of the the 7th joint meeting of the European software engineering conference and the ACM SIGSOFT symposium on The foundations of software engineering},
  pages={383--392},
  year={2009},
  organization={ACM}
}

@article{robillard2013automated,
  title={Automated API property inference techniques},
  author={Robillard, Martin P and Bodden, Eric and Kawrykow, David and Mezini, Mira and Ratchford, Tristan},
  journal={IEEE Transactions on Software Engineering},
  volume={39},
  number={5},
  pages={613--637},
  year={2013},
  publisher={IEEE}
}

@inproceedings{wasylkowski2007detecting,
  title={Detecting object usage anomalies},
  author={Wasylkowski, Andrzej and Zeller, Andreas and Lindig, Christian},
  booktitle={Proceedings of the the 6th joint meeting of the European software engineering conference and the ACM SIGSOFT symposium on The foundations of software engineering},
  pages={35--44},
  year={2007},
  organization={ACM}
}

@book{han2006data,
  title={Data mining: concepts and techniques},
  author={Han, Jiawei and Kamber, Micheline},
  year={2006},
  edition={Second},
  publisher={Morgan Kaufmann Publishers Inc., San Francisco, CA, USA}
}


@inproceedings{palomba2017lightweight,
  title={Lightweight detection of Android-specific code smells: The aDoctor project},
  author={Palomba, Fabio and Di Nucci, Dario and Panichella, Annibale and Zaidman, Andy and De Lucia, Andrea},
  booktitle={Software Analysis, Evolution and Reengineering (SANER), 2017 IEEE 24th International Conference on},
  pages={487--491},
  year={2017},
  organization={IEEE}
}

@inproceedings{reimann2014tool,
  title={A tool-supported quality smell catalogue for android developers},
  author={Reimann, Jan and Brylski, Martin and A{\ss}mann, Uwe},
  booktitle={Proc. of the conference Modellierung 2014 in the Workshop Modellbasierte und modellgetriebene Softwaremodernisierung--MMSM},
  volume={2014},
  year={2014}
}

@inproceedings{ayewah2007evaluating,
  title={Evaluating static analysis defect warnings on production software},
  author={Ayewah, Nathaniel and Pugh, William and Morgenthaler, J David and Penix, John and Zhou, YuQian},
  booktitle={Proceedings of the 7th ACM SIGPLAN-SIGSOFT workshop on Program analysis for software tools and engineering},
  pages={1--8},
  year={2007},
  organization={ACM}
}

@inproceedings{shen2011efindbugs,
  title={Efindbugs: Effective error ranking for findbugs},
  author={Shen, Haihao and Fang, Jianhong and Zhao, Jianjun},
  booktitle={Software Testing, Verification and Validation (ICST), 2011 IEEE Fourth International Conference on},
  pages={299--308},
  year={2011},
  organization={IEEE}
}

@inproceedings{hecht2015detecting,
  title={Detecting antipatterns in android apps},
  author={Hecht, Geoffrey and Rouvoy, Romain and Moha, Naouel and Duchien, Laurence},
  booktitle={Mobile Software Engineering and Systems (MOBILESoft), 2015 2nd ACM International Conference on},
  pages={148--149},
  year={2015},
  organization={IEEE}
}

@inproceedings{zhou2017analyzing,
  title={Analyzing APIs documentation and code to detect directive defects},
  author={Zhou, Yu and Gu, Ruihang and Chen, Taolue and Huang, Zhiqiu and Panichella, Sebastiano and Gall, Harald},
  booktitle={Proceedings of the 39th International Conference on Software Engineering},
  pages={27--37},
  year={2017},
  organization={IEEE Press}
}

@article{barrett2009satisfiability,
  title={Satisfiability modulo theories.},
  author={Barrett, Clark W and Sebastiani, Roberto and Seshia, Sanjit A and Tinelli, Cesare and others},
  journal={Handbook of satisfiability},
  volume={185},
  pages={825--885},
  year={2009}
}

@article{fontana2016comparing,
  title={Comparing and experimenting machine learning techniques for code smell detection},
  author={Fontana, Francesca Arcelli and M{\"a}ntyl{\"a}, Mika V and Zanoni, Marco and Marino, Alessandro},
  journal={Empirical Software Engineering},
  volume={21},
  number={3},
  pages={1143--1191},
  year={2016},
  publisher={Springer}
}

@inproceedings{pradel2011detecting,
  title={Detecting anomalies in the order of equally-typed method arguments},
  author={Pradel, Michael and Gross, Thomas R},
  booktitle={Proceedings of the 2011 International Symposium on Software Testing and Analysis},
  pages={232--242},
  year={2011},
  organization={ACM}
}
@inproceedings{fontana2013code,
  title={Code smell detection: Towards a machine learning-based approach},
  author={Fontana, Francesca Arcelli and Zanoni, Marco and Marino, Alessandro and Mantyla, Mika V},
  booktitle={Software Maintenance (ICSM), 2013 29th IEEE International Conference on},
  pages={396--399},
  year={2013},
  organization={IEEE}
}

@inproceedings{blackburn2006dacapo,
  title={The DaCapo benchmarks: Java benchmarking development and analysis},
  author={Blackburn, Stephen M and Garner, Robin and Hoffmann, Chris and Khang, Asjad M and McKinley, Kathryn S and Bentzur, Rotem and Diwan, Amer and Feinberg, Daniel and Frampton, Daniel and Guyer, Samuel Z and others},
  booktitle={ACM Sigplan Notices},
  volume={41},
  number={10},
  pages={169--190},
  year={2006},
  organization={ACM}
}

@inproceedings{lapkowski1998extended,
  title={Extended SSA mumbering: Introducing SSA properties to languages with multi-level pointers},
  author={Lapkowski, Christopher and Hendren, Laurie J},
  booktitle={International Conference on Compiler Construction},
  pages={128--143},
  year={1998},
  organization={Springer}
}

@inproceedings{zhong2009mapo,
  title={MAPO: Mining and recommending API usage patterns},
  author={Zhong, Hao and Xie, Tao and Zhang, Lu and Pei, Jian and Mei, Hong},
  booktitle={European Conference on Object-Oriented Programming},
  pages={318--343},
  year={2009},
  organization={Springer}
}

@inproceedings{Marinescu2005iPlasmaAI,
  title={iPlasma: An Integrated Platform for Quality Assessment of Object-Oriented Design},
  author={Cristina Marinescu and Radu Marinescu and Petru Florin Mihancea and Daniel Ratiu and Richard Wettel},
  booktitle={ICSM},
  year={2005}
}

@article{moha2010decor,
  title={Decor: A method for the specification and detection of code and design smells},
  author={Moha, Naouel and Gueheneuc, Yann-Gael and Duchien, Laurence and Le Meur, Anne-Francoise},
  journal={IEEE Transactions on Software Engineering},
  volume={36},
  number={1},
  pages={20--36},
  year={2010},
  publisher={IEEE}
}

@phdthesis{verloop2013code,
  title={Code smells in the mobile applications domain},
  author={Verloop, Dani{\"e}l},
  year={2013}
}

@article{amann2017systematic,
  title={A Systematic Evaluation of API-Misuse Detectors},
  author={Amann, Sven and Nguyen, Hoan Anh and Nadi, Sarah and Nguyen, Tien N and Mezini, Mira},
  journal={arXiv preprint arXiv:1712.00242},
  year={2017}
}

@inproceedings{amann2016mubench,
  title={MUBench: A benchmark for api-misuse detectors},
  author={Amann, Sven and Nadi, Sarah and Nguyen, Hoan A and Nguyen, Tien N and Mezini, Mira},
  booktitle={Mining Software Repositories (MSR), 2016 IEEE/ACM 13th Working Conference on},
  pages={464--467},
  year={2016},
  organization={IEEE}
}

@inproceedings{gruska2010learning,
  title={Learning from 6,000 projects: lightweight cross-project anomaly detection},
  author={Gruska, Natalie and Wasylkowski, Andrzej and Zeller, Andreas},
  booktitle={Proceedings of the 19th international symposium on Software testing and analysis},
  pages={119--130},
  year={2010},
  organization={ACM}
}

@inproceedings{hanam2016discovering,
  title={Discovering bug patterns in javascript},
  author={Hanam, Quinn and Brito, Fernando S de M and Mesbah, Ali},
  booktitle={Proceedings of the 2016 24th ACM SIGSOFT International Symposium on Foundations of Software Engineering},
  pages={144--156},
  year={2016},
  organization={ACM}
}

@inproceedings{mendez2013empirical,
  title={Empirical evidence of large-scale diversity in api usage of object-oriented software},
  author={Mendez, Diego and Baudry, Benoit and Monperrus, Martin},
  booktitle={Source Code Analysis and Manipulation (SCAM), 2013 IEEE 13th International Working Conference on},
  pages={43--52},
  year={2013},
  organization={IEEE}
}

@inproceedings{murali2017bayesian,
  title={Bayesian specification learning for finding API usage errors},
  author={Murali, Vijayaraghavan and Chaudhuri, Swarat and Jermaine, Chris},
  booktitle={Proceedings of the 2017 11th Joint Meeting on Foundations of Software Engineering},
  pages={151--162},
  year={2017},
  organization={ACM}
}

@article{rice2017detecting,
  title={Detecting argument selection defects},
  author={Rice, Andrew and Aftandilian, Edward and Jaspan, Ciera and Johnston, Emily and Pradel, Michael and Arroyo-Paredes, Yulissa},
  journal={Proceedings of the ACM on Programming Languages},
  volume={1},
  number={OOPSLA},
  pages={104},
  year={2017},
  publisher={ACM}
}

@inproceedings{wang2016bugram,
  title={Bugram: bug detection with n-gram language models},
  author={Wang, Song and Chollak, Devin and Movshovitz-Attias, Dana and Tan, Lin},
  booktitle={Proceedings of the 31st IEEE/ACM International Conference on Automated Software Engineering},
  pages={708--719},
  year={2016},
  organization={ACM}
}
